<record><leader>00000cas a2200000Ma 4500</leader><controlfield tag="001">10986302</controlfield><controlfield tag="008">840725d18671889nhuwr ne      0    0eng d</controlfield><datafield ind1=" " ind2=" " tag="010"><subfield code="a">sn 84023787 </subfield></datafield><datafield ind1=" " ind2=" " tag="040"><subfield code="a">AQM</subfield><subfield code="b">eng</subfield><subfield code="c">AQM</subfield><subfield code="d">OCLCQ</subfield><subfield code="d">NDD</subfield><subfield code="d">OCLCF</subfield></datafield><datafield ind1=" " ind2=" " tag="043"><subfield code="a">n-us-nh</subfield></datafield><datafield ind1="0" ind2="0" tag="245"><subfield code="a">White Mountain republic.</subfield></datafield><datafield ind1=" " ind2=" " tag="260"><subfield code="a">Littleton, N.H. :</subfield><subfield code="b">Chester E. Carey</subfield></datafield><datafield ind1=" " ind2=" " tag="300"><subfield code="a">volumes</subfield></datafield><datafield ind1=" " ind2=" " tag="310"><subfield code="a">Weekly</subfield></datafield><datafield ind1=" " ind2=" " tag="336"><subfield code="a">text</subfield><subfield code="b">txt</subfield><subfield code="2">rdacontent</subfield></datafield><datafield ind1=" " ind2=" " tag="337"><subfield code="a">unmediated</subfield><subfield code="b">n</subfield><subfield code="2">rdamedia</subfield></datafield><datafield ind1=" " ind2=" " tag="338"><subfield code="a">volume</subfield><subfield code="b">nc</subfield><subfield code="2">rdacarrier</subfield></datafield><datafield ind1="1" ind2=" " tag="362"><subfield code="a">Began with Oct. 4, 1867 issue; ceased with Sept. 7, 1889 issue.</subfield><subfield code="z">Cf. Amer. newspapers, 1821-1936.</subfield></datafield><datafield ind1=" " ind2=" " tag="500"><subfield code="a">Publisher: Henry H. Metcalf, &lt;1873&gt;</subfield></datafield><datafield ind1=" " ind2=" " tag="500"><subfield code="a">Editors: C.E. Carey, &lt;1869&gt;; G.C. Furber, &lt;1876&gt;</subfield></datafield><datafield ind1=" " ind2=" " tag="580"><subfield code="a">Merged with: Littleton journal, to form: Republic-journal.</subfield></datafield><datafield ind1=" " ind2=" " tag="588"><subfield code="a">Description based on: Vol. 1, no. 44 (July 31, 1868).</subfield></datafield><datafield ind1=" " ind2="0" tag="651"><subfield code="a">Littleton (N.H.)</subfield><subfield code="v">Newspapers.</subfield></datafield><datafield ind1=" " ind2="7" tag="655"><subfield code="a">Newspapers.</subfield><subfield code="2">rbgenr</subfield></datafield><datafield ind1=" " ind2="7" tag="655"><subfield code="a">Newspapers.</subfield><subfield code="2">fast</subfield><subfield code="0">(OCoLC)fst01423814</subfield></datafield><datafield ind1=" " ind2="7" tag="651"><subfield code="a">New Hampshire</subfield><subfield code="z">Littleton.</subfield><subfield code="2">fast</subfield><subfield code="0">(OCoLC)fst01220777</subfield></datafield><datafield ind1="1" ind2=" " tag="700"><subfield code="a">Furber, George C.</subfield><subfield code="q">(George Clarence),</subfield><subfield code="d">1847-</subfield></datafield><datafield ind1="1" ind2=" " tag="700"><subfield code="a">Carey, Chester E.</subfield></datafield><datafield ind1=" " ind2=" " tag="752"><subfield code="a">United States</subfield><subfield code="b">New Hampshire</subfield><subfield code="c">Grafton</subfield><subfield code="d">Littleton.</subfield></datafield><datafield ind1="0" ind2="0" tag="780"><subfield code="t">Littleton gazette (Littleton, N.H.)</subfield><subfield code="w">(DLC)sn 84023786</subfield><subfield code="w">(OCoLC)10986239</subfield></datafield><datafield ind1="0" ind2="7" tag="785"><subfield code="t">Littleton journal</subfield></datafield><datafield ind1="0" ind2="7" tag="785"><subfield code="t">Republic-journal</subfield></datafield></record>